<record><leader>00000cas a2200000 a 4500</leader><controlfield tag="001">42630043</controlfield><controlfield tag="008">991013d188u1893sdudr ne      0    0eng c</controlfield><datafield ind1=" " ind2=" " tag="010"><subfield code="a">sn 99067402 </subfield></datafield><datafield ind1=" " ind2=" " tag="040"><subfield code="a">NYS</subfield><subfield code="b">eng</subfield><subfield code="c">NYS</subfield><subfield code="d">SXN</subfield><subfield code="d">OCLCQ</subfield><subfield code="d">OCLCF</subfield><subfield code="d">OCLCO</subfield></datafield><datafield ind1="1" ind2=" " tag="029"><subfield code="a">AU@</subfield><subfield code="b">000021133716</subfield></datafield><datafield ind1=" " ind2=" " tag="042"><subfield code="a">pcc</subfield></datafield><datafield ind1=" " ind2=" " tag="043"><subfield code="a">n-us-sd</subfield></datafield><datafield ind1="0" ind2=" " tag="130"><subfield code="a">Daily courier-news (Watertown, S.D.)</subfield></datafield><datafield ind1="1" ind2="0" tag="245"><subfield code="a">Daily courier-news.</subfield></datafield><datafield ind1="3" ind2="0" tag="246"><subfield code="a">Courier news</subfield></datafield><datafield ind1=" " ind2=" " tag="260"><subfield code="a">Watertown, Dakota [S.D. :</subfield><subfield code="b">S.n.]</subfield></datafield><datafield ind1=" " ind2=" " tag="300"><subfield code="a">v.</subfield></datafield><datafield ind1=" " ind2=" " tag="310"><subfield code="a">Daily</subfield></datafield><datafield ind1="1" ind2=" " tag="362"><subfield code="a">Ceased in 1893.</subfield></datafield><datafield ind1=" " ind2=" " tag="500"><subfield code="a">"Official paper of city and county."</subfield></datafield><datafield ind1=" " ind2=" " tag="530"><subfield code="a">Available on microfilm from: State Archives, South Dakota State Historical Society.</subfield></datafield><datafield ind1=" " ind2=" " tag="588"><subfield code="a">Description based on: Vol. 7, no. 10 (June 26, 1888).</subfield></datafield><datafield ind1=" " ind2="0" tag="651"><subfield code="a">Dakota Territory</subfield><subfield code="v">Newspapers.</subfield></datafield><datafield ind1=" " ind2="0" tag="651"><subfield code="a">Watertown (S.D.)</subfield><subfield code="v">Newspapers.</subfield></datafield><datafield ind1=" " ind2="0" tag="651"><subfield code="a">Codington County (S.D.)</subfield><subfield code="v">Newspapers.</subfield></datafield><datafield ind1=" " ind2="7" tag="655"><subfield code="a">Newspapers.</subfield><subfield code="2">fast</subfield><subfield code="0">(OCoLC)fst01423814</subfield></datafield><datafield ind1=" " ind2="7" tag="651"><subfield code="a">South Dakota</subfield><subfield code="z">Codington County.</subfield><subfield code="2">fast</subfield><subfield code="0">(OCoLC)fst01212346</subfield></datafield><datafield ind1=" " ind2="7" tag="651"><subfield code="a">South Dakota</subfield><subfield code="z">Watertown.</subfield><subfield code="2">fast</subfield><subfield code="0">(OCoLC)fst01228902</subfield></datafield><datafield ind1=" " ind2="7" tag="651"><subfield code="a">United States</subfield><subfield code="z">Dakota Territory.</subfield><subfield code="2">fast</subfield><subfield code="0">(OCoLC)fst01228148</subfield></datafield><datafield ind1=" " ind2=" " tag="752"><subfield code="a">United States</subfield><subfield code="b">South Dakota</subfield><subfield code="c">Codington</subfield><subfield code="d">Watertown.</subfield></datafield><datafield ind1="1" ind2=" " tag="775"><subfield code="t">Watertown courier news</subfield><subfield code="w">(DLC)sn 99067406</subfield><subfield code="w">(OCoLC)42636968</subfield></datafield><datafield ind1="0" ind2="0" tag="780"><subfield code="t">Daily courier (Watertown, S.D.)</subfield><subfield code="w">(DLC)sn 99067404</subfield></datafield><datafield ind1="0" ind2="0" tag="785"><subfield code="t">Daily public opinion (Watertown, S.D.)</subfield><subfield code="w">(DLC)sn 99067409</subfield></datafield></record>